@article{menezes2010introduccao,
  title={Introdu{\c{c}}{\~a}o {\`a} programa{\c{c}}{\~a}o com Python},
  author={Menezes, Nilo Ney Coutinho},
  journal={S{\~a}o Paulo: Novatec},
  pages={34},
  year={2010}
}

@article{didatica2024,
  author    = {Didática Tech},
  title     = {Por que Python é a Linguagem da Inteligência Artificial},
  year      = {2024},
  journal   = {Didática Tech Blog},
  url       = {https://didatica.tech/por-que-python-e-a-linguagem-da-inteligencia-artificial/#:~:text=Exemplos%20Pr%C3%A1ticos%20de%20Aplica%C3%A7%C3%B5es%20de,o%20desenvolvimento%20de%20ve%C3%ADculos%20aut%C3%B4nomos.},
  note      = {Acesso em 22 de agosto de 2024}
}

@misc{wiki:python,
  author       = "{Wikipedia contributors}",
  title        = "{Python (programming language) --- Wikipedia{,} The Free Encyclopedia}",
  year         = "2024",
  howpublished = "\url{https://en.wikipedia.org/wiki/Python_(programming_language)}",
  note         = "[Online; accessed 22-August-2024]"
}

@misc{google2024,
  author       = {{Google Cloud}},
  title        = {What is Natural Language Processing?},
  year         = {2024},
  url          = {https://cloud.google.com/learn/what-is-natural-language-processing/},
  note         = {Acesso em 22 de agosto de 2024}
}

@misc{aws2024,
  author       = {{Amazon Web Services}},
  title        = {What is a Neural Network?},
  year         = {2024},
  url          = {https://aws.amazon.com/pt/what-is/neural-network/},
  note         = {Acesso em 22 de agosto de 2024}
}

@misc{wikipedia_versionamento,
  author       = {{Wikipedia contributors}},
  title        = {Versionamento},
  year         = {2024},
  url          = {https://pt.wikipedia.org/wiki/Versionamento},
  note         = {Acessado em 22 de agosto de 2024},
}

@misc{hashtagtreinamentos_python_versions,
  author       = {{Hashtag Treinamentos}},
  title        = {Versões do Python},
  year         = {2024},
  url          = {https://www.hashtagtreinamentos.com/versoes-do-python},
  note         = {Acessado em 22 de agosto de 2024},
}

@misc{awari_python_version,
  author = {Avari},
  title = {Python Version: A Evolução da Linguagem de Programação Python},
  year = {2024},
  url = {https://awari.com.br/python-version-a-evolucao-da-linguagem-de-programacao-python-2/},
  note = {Acesso em 22 agosto 2024}
}

@misc{pythonbasico2024,
  author       = {Fabio M. Soares},
  title        = {Python Básico},
  year         = {2024},
  url          = {https://dcc.ufrj.br/~fabiom/python/pythonbasico.pdf},
  note         = {Acesso em: 24 ago. 2024},
}
